<record><leader>00000cas a2200000 a 4500</leader><controlfield tag="001">12483245</controlfield><controlfield tag="008">850903d19091963ksuwr ne      0    0eng d</controlfield><datafield ind1=" " ind2=" " tag="010"><subfield code="a">sn 85031835 </subfield></datafield><datafield ind1=" " ind2=" " tag="040"><subfield code="a">KSH</subfield><subfield code="b">eng</subfield><subfield code="c">KSH</subfield><subfield code="d">NPT</subfield><subfield code="d">OCL</subfield><subfield code="d">OCLCQ</subfield></datafield><datafield ind1=" " ind2=" " tag="042"><subfield code="a">msc</subfield></datafield><datafield ind1="0" ind2=" " tag="130"><subfield code="a">News chronicle (Scott City, Kan. : 1909)</subfield></datafield><datafield ind1="1" ind2="4" tag="245"><subfield code="a">The news chronicle.</subfield></datafield><datafield ind1=" " ind2=" " tag="260"><subfield code="a">Scott City, Kan. :</subfield><subfield code="b">E.H. Epperson,</subfield><subfield code="c">1909-1963.</subfield></datafield><datafield ind1=" " ind2=" " tag="300"><subfield code="a">54 v. :</subfield><subfield code="b">ill. ;</subfield><subfield code="c">62 cm.</subfield></datafield><datafield ind1=" " ind2=" " tag="310"><subfield code="a">Weekly</subfield></datafield><datafield ind1="0" ind2=" " tag="362"><subfield code="a">Vol. 23, no. 48 (Jan. 29, 1909)-v. 77, no. 25 (Sept. 19, 1963).</subfield></datafield><datafield ind1=" " ind2=" " tag="500"><subfield code="a">Title varies slightly.</subfield></datafield><datafield ind1=" " ind2=" " tag="500"><subfield code="a">Publisher varies.</subfield></datafield><datafield ind1=" " ind2=" " tag="752"><subfield code="a">United States</subfield><subfield code="b">Kansas</subfield><subfield code="c">Scott</subfield><subfield code="d">Scott City.</subfield></datafield><datafield ind1="0" ind2="4" tag="780"><subfield code="t">Scott County news (Scott City, Kan. : 1903)</subfield><subfield code="w">(DLC)sn 85031834</subfield></datafield><datafield ind1="0" ind2="4" tag="780"><subfield code="t">Scott County chronicle (Scott City, Kan.)</subfield><subfield code="w">(DLC)sn 85031694</subfield></datafield><datafield ind1="0" ind2="5" tag="780"><subfield code="t">Scott republican</subfield><subfield code="g">July 7, 1926</subfield><subfield code="w">(DLC)sn 85032656</subfield></datafield><datafield ind1="0" ind2="5" tag="780"><subfield code="t">Scott County record</subfield><subfield code="g">Mar. 21, 1940</subfield><subfield code="w">(DLC)sn 85032657</subfield></datafield><datafield ind1="0" ind2="0" tag="785"><subfield code="t">Scott City news chronicle</subfield><subfield code="w">(DLC)sn 85032658</subfield></datafield><datafield ind1="1" ind2=" " tag="029"><subfield code="a">AU@</subfield><subfield code="b">000022173374</subfield></datafield></record>